%YAML 1.1
%TAG !u! tag:unity3d.com,2011:
--- !u!1001 &100100000
Prefab:
  m_ObjectHideFlags: 1
  serializedVersion: 2
  m_Modification:
    m_TransformParent: {fileID: 0}
    m_Modifications: []
    m_RemovedComponents: []
  m_SourcePrefab: {fileID: 0}
  m_RootGameObject: {fileID: 1364342163975774}
  m_IsPrefabAsset: 1
--- !u!1 &1364342163975774
GameObject:
  m_ObjectHideFlags: 0
  m_CorrespondingSourceObject: {fileID: 0}
  m_PrefabInternal: {fileID: 100100000}
  serializedVersion: 6
  m_Component:
  - component: {fileID: 4233293988033986}
  - component: {fileID: 20163668176766122}
  - component: {fileID: 81763962507408728}
  - component: {fileID: 114042978059124050}
  m_Layer: 0
  m_Name: CAM.CameraMAP
  m_TagString: Untagged
  m_Icon: {fileID: 0}
  m_NavMeshLayer: 0
  m_StaticEditorFlags: 0
  m_IsActive: 1
--- !u!4 &4233293988033986
Transform:
  m_ObjectHideFlags: 1
  m_CorrespondingSourceObject: {fileID: 0}
  m_PrefabInternal: {fileID: 100100000}
  m_GameObject: {fileID: 1364342163975774}
  m_LocalRotation: {x: 0.7071068, y: 0, z: 0, w: 0.7071068}
  m_LocalPosition: {x: 0, y: 186, z: 0}
  m_LocalScale: {x: 1, y: 1, z: 1}
  m_Children: []
  m_Father: {fileID: 0}
  m_RootOrder: 0
  m_LocalEulerAnglesHint: {x: 90, y: 0, z: 0}
--- !u!20 &20163668176766122
Camera:
  m_ObjectHideFlags: 1
  m_CorrespondingSourceObject: {fileID: 0}
  m_PrefabInternal: {fileID: 100100000}
  m_GameObject: {fileID: 1364342163975774}
  m_Enabled: 1
  serializedVersion: 2
  m_ClearFlags: 1
  m_BackGroundColor: {r: 0.19215687, g: 0.3019608, b: 0.4745098, a: 0}
  m_projectionMatrixMode: 1
  m_SensorSize: {x: 36, y: 24}
  m_LensShift: {x: 0, y: 0}
  m_FocalLength: 50
  m_NormalizedViewPortRect:
    serializedVersion: 2
    x: 0
    y: 0
    width: 1
    height: 1
  near clip plane: 0.3
  far clip plane: 1000
  field of view: 60
  orthographic: 1
  orthographic size: 245
  m_Depth: 0
  m_CullingMask:
    serializedVersion: 2
    m_Bits: 4294967295
  m_RenderingPath: -1
  m_TargetTexture: {fileID: 0}
  m_TargetDisplay: 0
  m_TargetEye: 3
  m_HDR: 1
  m_AllowMSAA: 1
  m_AllowDynamicResolution: 0
  m_ForceIntoRT: 0
  m_OcclusionCulling: 1
  m_StereoConvergence: 10
  m_StereoSeparation: 0.022
--- !u!81 &81763962507408728
AudioListener:
  m_ObjectHideFlags: 1
  m_CorrespondingSourceObject: {fileID: 0}
  m_PrefabInternal: {fileID: 100100000}
  m_GameObject: {fileID: 1364342163975774}
  m_Enabled: 1
--- !u!114 &114042978059124050
MonoBehaviour:
  m_ObjectHideFlags: 1
  m_CorrespondingSourceObject: {fileID: 0}
  m_PrefabInternal: {fileID: 100100000}
  m_GameObject: {fileID: 1364342163975774}
  m_Enabled: 1
  m_EditorHideFlags: 0
  m_Script: {fileID: 11500000, guid: 979d367c240a0134f9542eb296f63530, type: 3}
  m_Name: 
  m_EditorClassIdentifier: 
  isEnabled: 1
  TargetCamera: {fileID: 20163668176766122}
  KeyboardController:
    isEnabled: 1
    ForwardKey: 0
    LeftKey: 97
    BackwardKey: 0
    RightKey: 100
    UpKey: 119
    DownKey: 115
    PitchUp: 277
    PitchDown: 127
    YawLeft: 278
    YawRight: 279
    RollLeft: 278
    RollRight: 279
    JumpKey: 0
    ShiftKey: 0
    AltForwardKey: 0
    AltLeftKey: 0
    AltBackwardKey: 0
    AltRightKey: 0
    AltUpKey: 0
    AltDownKey: 0
    AltPitchUp: 0
    AltPitchDown: 0
    AltYawLeft: 0
    AltYawRight: 0
    AltRollLeft: 0
    AltRollRight: 0
    AltJumpKey: 0
    AltShiftKey: 0
  MouseController:
    isEnabled: 1
    isAutoRotate: 0
    MouseLookButton: 0
    MousePanButton: 325
    MouseScrollButton: 325
  ResetKey: 286
  MoveSpeed: 100
  PitchSpeed: 1
  YawSpeed: 1
  RollSpeed: 1
  ScrollSpeed: 5
  LookSpeed: 4
  PanSpeed: 1
